@inproceedings{goodfellow2014,
	author = {Ian Goodfellow and Jean Pouget-Abadie and Mehdi Mirza and Bing Xu and David Warde-Farley and Sherjil Ozair and Aaron Courville and Yoshua Bengio},
	title = {Generative Adversarial Nets},
	booktitle = {Advances in Neural Information Processing Systems},
	publisher = {Curran Associates, Inc.},
	year = {2014},
	doi = {10.48550/arXiv.1406.2661},
}